@article{ ly_fm12,
	author = { Lam, C. and Yao, Q.},
	title = { Factor modelling for high-dimensional time series: inference for the number of factors},
	journal = { The Annals of Statistics},
	volume = 40,
	Number = 2,
	pages = { 694--726},
	Year = 2012
}
@article{pb_fm87,
	author = {Pe\~{n}a, D. and Box, G. E. P.},
	title = { Identifying a simplifying structure in time series},
	journal = { Journal of the American Statistical Association},
	volume =82,
	pages = { 836--843},
	Year = 1987
	}
@article{lyb_fm11,
	author = { Lam, C. and Yao, Q. and Bathia, N.},
	title = { Estimation of latent factors for high-dimensional time series},
	journal = { Biometrika},
	volume =98,
	Number = 4,
	pages = {901--918},
	Year = 2011
	}
@article{wt_05,
	author = { Zhang, H. and Ho, T. B. and Zhang, Y. and Lin, M.},
	title = { Unsupervised feature extraction for time series clustering using orthogonal wavelet transform},
	journal = { Informatica},
	volume = {30},
	pages = {305--319},
	Year = 2005
	}
@article{nmi_02,
	author = {Strehl, A. and Ghosh, J.},
	title = { Cluster ensembles - a knowledge reuse framework for combining multiple partitions},
	journal = { Journal of Machine Learning Research},
	volume = 3,
	Number = 3,
	pages = {583--617},
	Year = 2002
}
@article{cv_01,
	author = { Halkidi, M. and Batistakis, Y. and Vazirgiannis M.},
	title = { On clustering validation techniques},
	journal = { Journal of Intelligent Information Systems},
	volume = 17 ,
	pages = {107--145},
	Year = 2001
}
@article{nf_10,
	author = { Vilar, J. A. and Alonso, A. M. and Vilar, J. M.},
	title = { Non-linear time series clustering based on non-parametric forecast densities},
	journal = { Computational Statistics and Data Analysis},
	volume = 54,
	pages = {2850--2865},
	Year = 2010	
}
@CONFERENCE{csm_00,
AUTHOR       = {Gavrilov, M. and Anguelov, D. and Indyk, P. and Motwani, R.}, 
TITLE        = { Mining the stock market (extended abstract): which measure is best ? },
BOOKTITLE    = { Proceedings of the sixth ACM SIGKDD International Conference on Knowledge Discovery and Data Mining},
YEAR         = { 2000},
Pages        = { 487--496},
Organization = { ACM},
Address      = { New York, USA}
}
@Misc{UCR,
 author = {Keogh, E. and Zhu, Q. and Hu, B. and Hao. Y. and Xi, X. and Wei, L. and Ratanamahatana, C. A.},
 title = {The UCR Time Series Classification/Clustering Homepage},
url = {www.cs.ucr.edu/~eamonn/time_series_data/},
Year = 2011
}
@ARTICLE{KM_79,
AUTHOR    = { Hartigan, J. A. and Wong, M. A.},
TITLE     = {Algorithm AS 136: a k-means clustering algorithm},
JOURNAL   = {Journal of the Royal Statistical Society, Series C (Applied Statistics)},
YEAR      = {1979},
Volume    = {28},
Number    = {1},
Pages     = {100--108}
}
@ARTICLE{dp_90,
author = { Piccolo, D.},
title = { A distance measure for classifying ARIMA models},
journal = { Journal of Time Series Analysis},
Year = {1990},
Volume = {11},
Number = {2},
Pages = { 153--164}
}
@article{ward,
title = { Hierarchical grouping to optimize an objective function},
author = { Ward, J. H.},
journal = { Journal of the American Statistical Association },
Year = {1963},
Volume = {58},
Number = {301},
Pages = {236--244}
}
@article{bc_05,
title = { Bayesian coclustering of Anopheles gene expression time series: study of immune defense response to multiple experimental challenges},
author = { Heard, N. A. and Holmes, C. C. and Stephens, D. A. and Hand, D. A. and Dimopoulos, G.},
journal = {Proceedings of the National Academy of Sciences},
Year = {2005},
Volume = {102},
Number = {47},
Pages = {16939--16944}
}
@article{liao,
title = { Clustering of time series data--a survey},
author = {Liao, T. W.},
journal = { Pattern Recognition},
Year = {2005},
Volume = {38},
Pages = {1857--1874}
}